@article{bao2016polycheck,
  title={Polycheck: Dynamic verification of iteration space transformations on affine programs},
  author={Bao, Wenlei and Krishnamoorthy, Sriram and Pouchet, Louis-No{\"e}l and Rastello, Fabrice and Sadayappan, Ponnuswamy},
  journal={ACM SIGPLAN Notices},
  volume={51},
  number={1},
  pages={539--554},
  year={2016},
  publisher={ACM New York, NY, USA}
}


@article{feautrier1992some,
	title={Some efficient solutions to the affine scheduling problem. Part II. Multidimensional time},
	author={Feautrier, Paul},
	journal={International journal of parallel programming},
	volume={21},
	number={6},
	pages={389--420},
	year={1992},
	publisher={Springer}
}

@article{quinlan2000rose,
	title={ROSE: Compiler support for object-oriented frameworks},
	author={Quinlan, Dan},
	journal={Parallel processing letters},
	volume={10},
	number={02n03},
	pages={215--226},
	year={2000},
	publisher={World Scientific}
}


@INPROCEEDINGS{VERDOOLAEGE2010ISL,
	AUTHOR = {Verdoolaege, Sven},
	TITLE = {isl: An Integer Set Library for the Polyhedral Model},
	BOOKTITLE = {Mathematical Software (ICMS'10)},
	YEAR = {2010},
	PAGES = {299--302},
	SERIES = {LNCS 6327},
	EDITOR = {Fukuda, Komei and Hoeven, Joris and Joswig, Michael and
	Takayama, Nobuki},
	PUBLISHER = {Springer-Verlag}
}

@MISC{LOECHNER1999POLYLIB,
	TITLE = {PolyLib: A library for manipulating parameterized polyhedra},
	AUTHOR = {Loechner, Vincent},
	YEAR = {1999},
	URL = {https://repo.or.cz/polylib.git/blob_plain/HEAD:/doc/parampoly-doc.ps.gz}
}

@inproceedings{schordan2014verification,
	title={Verification of polyhedral optimizations with constant loop bounds in finite state space computations},
	author={Schordan, Markus and Lin, Pei-Hung and Quinlan, Dan and Pouchet, Louis-No{\"e}l},
	booktitle={International Symposium On Leveraging Applications of Formal Methods, Verification and Validation},
	pages={493--508},
	year={2014},
	organization={Springer}
}